<?xml version="1.0" encoding="UTF-8"?>
<marc:collection xmlns:marc="http://www.loc.gov/MARC21/slim" xmlns:xsi="http://www.w3.org/2001/XMLSchema-instance" xsi:schemaLocation="http://www.loc.gov/MARC21/slim http://www.loc.gov/standards/marcxml/schema/MARC21slim.xsd">
   <marc:record type="Bibliographic">
      <marc:leader>01103cam a2200241Ma 4500</marc:leader>
      <marc:controlfield tag="001">1283072</marc:controlfield>
      <marc:controlfield tag="003">NjP</marc:controlfield>
      <marc:controlfield tag="005">20170111173355.0</marc:controlfield>
      <marc:controlfield tag="008">841212m19629999ir a     b    000 0carard</marc:controlfield>
      <marc:datafield tag="024" ind1="7" ind2=" ">
         <marc:subfield code="a">princeton_aco001369</marc:subfield>
         <marc:subfield code="2">local</marc:subfield>
      </marc:datafield>
      <marc:datafield tag="035" ind1=" " ind2=" ">
         <marc:subfield code="a">(OCoLC)ocm23510664</marc:subfield>
      </marc:datafield>
      <marc:datafield tag="035" ind1=" " ind2=" ">
         <marc:subfield code="9">CDS5694TS</marc:subfield>
      </marc:datafield>
      <marc:datafield tag="040" ind1=" " ind2=" ">
         <marc:subfield code="a">EYM</marc:subfield>
         <marc:subfield code="c">EYM</marc:subfield>
         <marc:subfield code="d">PUL</marc:subfield>
      </marc:datafield>
      <marc:datafield tag="050" ind1=" " ind2="4">
         <marc:subfield code="a">BP193</marc:subfield>
         <marc:subfield code="b">.K46 1962</marc:subfield>
      </marc:datafield>
      <marc:datafield tag="100" ind1="0" ind2=" ">
         <marc:subfield code="a">Muḥammad Bāqir ibn Zayn al-ʻĀbidīn,</marc:subfield>
         <marc:subfield code="d">1811 or 1812-1895 or 1896.</marc:subfield>
         <marc:subfield code="0">(uri)http://id.loc.gov/authorities/names/nr94033776</marc:subfield>
      </marc:datafield>
      <marc:datafield tag="245" ind1="1" ind2="0">
         <marc:subfield code="a">Rawḍāt al-jannāt :</marc:subfield>
         <marc:subfield code="b">fī aḥwāl al-ʻulamāʼ wa-al-sādāt /</marc:subfield>
         <marc:subfield code="c">taʼlīf Muḥammad Bāqir al-Mūsawī al-Khvānsārī al-Iṣfahānī ; taḥqīq wa sharḥ Muḥammad ʻAlī Rawḍātī.</marc:subfield>
      </marc:datafield>
      <marc:datafield tag="260" ind1=" " ind2=" ">
         <marc:subfield code="a">Ṭihrān :</marc:subfield>
         <marc:subfield code="b">Dār al-Kutub al-Islāmīyah,</marc:subfield>
         <marc:subfield code="c">1382- [1962-</marc:subfield>
      </marc:datafield>
      <marc:datafield tag="300" ind1=" " ind2=" ">
         <marc:subfield code="a">v. :</marc:subfield>
         <marc:subfield code="b">facsims. ;</marc:subfield>
         <marc:subfield code="c">24 cm.</marc:subfield>
      </marc:datafield>
      <marc:datafield tag="504" ind1=" " ind2=" ">
         <marc:subfield code="a">Bibliographical footnotes.</marc:subfield>
      </marc:datafield>
      <marc:datafield tag="650" ind1=" " ind2="0">
         <marc:subfield code="a">Muslims</marc:subfield>
         <marc:subfield code="v">Biography.</marc:subfield>
         <marc:subfield code="0">(uri)http://id.loc.gov/authorities/subjects/sh2008108148</marc:subfield>
      </marc:datafield>
      <marc:datafield tag="700" ind1="1" ind2=" ">
         <marc:subfield code="a">Rawḍātī, Muḥammad ʻAlī,</marc:subfield>
         <marc:subfield code="e">editor.</marc:subfield>
      </marc:datafield>
      <marc:datafield tag="852" ind1="0" ind2=" ">
         <marc:subfield code="b">nec</marc:subfield>
         <marc:subfield code="h">BP193</marc:subfield>
         <marc:subfield code="i">.K46 1962</marc:subfield>
         <marc:subfield code="p">1474650</marc:subfield>
         <marc:subfield code="x">reclassed from: 2271.509562.375.11</marc:subfield>
      </marc:datafield>
      <marc:datafield tag="947" ind1=" " ind2=" ">
         <marc:subfield code="a">CDS5694</marc:subfield>
      </marc:datafield>
      <marc:datafield tag="911" ind1=" " ind2=" ">
         <marc:subfield code="a">20000130</marc:subfield>
      </marc:datafield>
      <marc:datafield tag="912" ind1=" " ind2=" ">
         <marc:subfield code="a">20000403060822.0</marc:subfield>
      </marc:datafield>
   </marc:record>
</marc:collection>
